[gd_scene load_steps=2 format=2]

[ext_resource path="res://kerno/fenestroj/tipo_c7.gd" type="Script" id=1]

[node name="tipo_c7" type="Control"]
script = ExtResource( 1 )
__meta__ = {
"_edit_use_anchors_": false
}

[node name="Canvas" type="CanvasLayer" parent="."]

[node name="Popup" type="Popup" parent="Canvas"]
visible = true
offset_right = 223.0
offset_bottom = 189.999
exclusive = true
__meta__ = {
"_edit_use_anchors_": false
}

[node name="ColorRect" type="ColorRect" parent="Canvas/Popup"]
offset_right = 220.0
offset_bottom = 22.0
color = Color( 0, 0, 0, 0.294118 )
__meta__ = {
"_edit_use_anchors_": false
}

[node name="Button_x" type="Button" parent="Canvas/Popup/ColorRect"]
anchor_left = 1.006
anchor_right = 1.006
offset_left = -20.9047
offset_top = -0.850006
offset_right = 0.0953369
offset_bottom = 22.15
text = "X"
__meta__ = {
"_edit_use_anchors_": false
}

[node name="Label" type="Label" parent="Canvas/Popup/ColorRect"]
anchor_right = 1.01002
offset_left = 50.3253
offset_top = 2.64076
offset_right = -50.8799
offset_bottom = 19.6408
text = "название окна"
__meta__ = {
"_edit_use_anchors_": true
}

[node name="ColorRect2" type="ColorRect" parent="Canvas/Popup/ColorRect"]
offset_top = 22.0
offset_right = 220.0
offset_bottom = 185.0
color = Color( 0, 0, 0, 0.745098 )
__meta__ = {
"_edit_use_anchors_": true
}

[node name="yes_button" type="Button" parent="Canvas/Popup/ColorRect/ColorRect2"]
offset_left = 56.0
offset_top = 106.0
offset_right = 89.0
offset_bottom = 129.0
text = "Да"
__meta__ = {
"_edit_use_anchors_": false
}

[node name="no_button" type="Button" parent="Canvas/Popup/ColorRect/ColorRect2"]
offset_left = 125.742
offset_top = 105.517
offset_right = 165.742
offset_bottom = 128.517
text = "Нет"
__meta__ = {
"_edit_use_anchors_": false
}

[node name="Label2" type="Label" parent="Canvas/Popup/ColorRect/ColorRect2"]
anchor_right = 1.0
offset_left = 35.7529
offset_top = 39.5191
offset_right = -30.2471
offset_bottom = 76.5191
text = "text...."
align = 1
__meta__ = {
"_edit_use_anchors_": false
}

[connection signal="gui_input" from="Canvas/Popup/ColorRect" to="." method="_on_ColorRect_gui_input"]
[connection signal="pressed" from="Canvas/Popup/ColorRect/Button_x" to="." method="_on_Button_x_pressed"]
