[gd_scene load_steps=10 format=2]

[ext_resource path="res://blokoj/kosmostacioj/stelpordo/resursoj/GateEnergy.tres" type="Material" id=1]
[ext_resource path="res://blokoj/kosmostacioj/stelpordo/resursoj/Gate.glb" type="PackedScene" id=2]
[ext_resource path="res://blokoj/kosmostacioj/stelpordo/resursoj/Gate_.glb" type="PackedScene" id=3]
[ext_resource path="res://blokoj/kosmostacioj/stelpordo/resursoj/Stars Sphere.jpg" type="Texture2D" id=4]

[sub_resource type="Animation" id=1]
resource_name = "Gate_Rotation"
length = 3.0
loop = true
tracks/0/type = "value"
tracks/0/path = NodePath(".:rotation_degrees")
tracks/0/interp = 1
tracks/0/loop_wrap = true
tracks/0/imported = false
tracks/0/enabled = true
tracks/0/keys = {
"times": PackedFloat32Array( 0, 3 ),
"transitions": PackedFloat32Array( 1, 1 ),
"update": 0,
"values": [ Vector3( 0, 0, 0 ), Vector3( 0, 0, -360 ) ]
}

[sub_resource type="Sky" id=2]
panorama = ExtResource( 4 )

[sub_resource type="Environment" id=3]
background_mode = 2
background_sky = SubResource( 2 )

[sub_resource type="SphereMesh" id=4]

[sub_resource type="Animation" id=5]
loop = true
tracks/0/type = "value"
tracks/0/path = NodePath(".:rotation_degrees")
tracks/0/interp = 1
tracks/0/loop_wrap = true
tracks/0/imported = false
tracks/0/enabled = true
tracks/0/keys = {
"times": PackedFloat32Array( 0, 1 ),
"transitions": PackedFloat32Array( 1, 1 ),
"update": 0,
"values": [ Vector3( 0, 0, 0 ), Vector3( 0, 360, 0 ) ]
}

[node name="Stelpordo" type="Node3D"]

[node name="Gate_" parent="." instance=ExtResource( 3 )]
transform = Transform3D( 0.78195, 0.62334, 0, -0.62334, 0.78195, 0, 0, 0, 1, 0, 0, 0 )

[node name="AnimationPlayer" type="AnimationPlayer" parent="Gate_"]
autoplay = "Gate_Rotation"
playback_speed = 0.01
anims/Gate_Rotation = SubResource( 1 )

[node name="WorldEnvironment" type="WorldEnvironment" parent="."]
environment = SubResource( 3 )

[node name="Gate_Enargy" type="MeshInstance3D" parent="."]
transform = Transform3D( -30.1273, 0, 26.3126, 0, 40, 0, -26.3126, 0, -30.1273, 0, 0, 0 )
mesh = SubResource( 4 )
material/0 = ExtResource( 1 )

[node name="AnimationPlayer" type="AnimationPlayer" parent="Gate_Enargy"]
autoplay = "Gate_Energy_Rotation"
playback_speed = 0.01
anims/Gate_Energy_Rotation = SubResource( 5 )

[node name="DirectionalLight3D" type="DirectionalLight3D" parent="."]
transform = Transform3D( 0.462202, 0.380458, -0.801013, -0.842208, -0.0944215, -0.53082, -0.277587, 0.919966, 0.276783, -84.7791, 0, 3.82854 )

[node name="Gate" parent="." instance=ExtResource( 2 )]
