[gd_scene load_steps=6 format=2]

[ext_resource path="res://kerno/fenestroj/tipo_d1.tscn" type="PackedScene" id=1]
[ext_resource path="res://blokoj/administri/skriptoj/main_administri.gd" type="Script" id=2]
[ext_resource path="res://kerno/menuo/resursoj/icons/tab2a.png" type="Texture2D" id=3]
[ext_resource path="res://kerno/menuo/resursoj/icons/tab3a.png" type="Texture2D" id=4]
[ext_resource path="res://kerno/menuo/resursoj/icons/tab1a.png" type="Texture2D" id=5]

[node name="main_administri" instance=ExtResource( 1 )]
script = ExtResource( 2 )

[node name="VBox" parent="." index="0"]
visible = false
offset_right = 461.0
offset_bottom = 400.0
custom_minimum_size = Vector2( 600, 500 )

[node name="HBox_top" parent="VBox" index="0"]
offset_right = 600.0

[node name="top_texture2" parent="VBox/HBox_top" index="1"]
offset_right = 600.0

[node name="HBox_buttons" parent="VBox/HBox_top/top_texture2" index="0"]
anchor_left = -3.22258e-12
anchor_right = 1.0
offset_right = 1.0

[node name="menuo_name" parent="VBox/HBox_top/top_texture2/HBox_buttons" index="0"]
offset_right = 506.0
text = "Администрирование"

[node name="Button_fix" parent="VBox/HBox_top/top_texture2/HBox_buttons" index="1"]
visible = false
offset_left = 487.0
offset_right = 506.0

[node name="Button_" parent="VBox/HBox_top/top_texture2/HBox_buttons" index="2"]
visible = false

[node name="Button_min" parent="VBox/HBox_top/top_texture2/HBox_buttons" index="3"]
offset_left = 510.0
offset_right = 530.0

[node name="Button_full" parent="VBox/HBox_top/top_texture2/HBox_buttons" index="4"]
offset_left = 534.0
offset_right = 556.0

[node name="Button_x" parent="VBox/HBox_top/top_texture2/HBox_buttons" index="5"]
offset_left = 560.0
offset_right = 579.0

[node name="body_texture" parent="VBox" index="1"]
offset_right = 600.0
offset_bottom = 478.0

[node name="resize_control" parent="VBox/body_texture" index="0"]
offset_left = -2.41668
offset_top = 4.67687
offset_right = 10.5836
offset_bottom = 33.6767

[node name="HSplit" parent="VBox/body_texture" index="1"]
anchor_left = -1.4782e-07
anchor_top = 0.0100214
anchor_bottom = 1.01002
offset_left = 11.0001
offset_top = 7.43237
offset_right = -9.99994
offset_bottom = -4.56763
theme_override_constants/autohide = 0
split_offset = 1

[node name="VBoxContainer" type="VBoxContainer" parent="VBox/body_texture/HSplit" index="0"]
offset_right = 284.0
offset_bottom = 443.999
size_flags_horizontal = 3

[node name="HBoxContainer" type="HBoxContainer" parent="VBox/body_texture/HSplit/VBoxContainer" index="0"]
visible = false
offset_right = 284.0
offset_bottom = 23.0
alignment = 2

[node name="Label" type="Label" parent="VBox/body_texture/HSplit/VBoxContainer/HBoxContainer" index="0"]
offset_left = 74.0
offset_top = 3.0
offset_right = 139.0
offset_bottom = 20.0
size_flags_horizontal = 9
text = "Фильтр:"

[node name="Button" type="Button" parent="VBox/body_texture/HSplit/VBoxContainer/HBoxContainer" index="1"]
offset_left = 143.0
offset_right = 173.0
offset_bottom = 23.0
custom_minimum_size = Vector2( 30, 0 )
icon = ExtResource( 5 )
flat = true
align = 2
expand_icon = true
__meta__ = {
"_edit_use_anchors_": false
}

[node name="Button2" type="Button" parent="VBox/body_texture/HSplit/VBoxContainer/HBoxContainer" index="2"]
offset_left = 177.0
offset_right = 207.0
offset_bottom = 23.0
custom_minimum_size = Vector2( 30, 0 )
icon = ExtResource( 3 )
flat = true
align = 2
expand_icon = true
__meta__ = {
"_edit_use_anchors_": false
}

[node name="Button3" type="Button" parent="VBox/body_texture/HSplit/VBoxContainer/HBoxContainer" index="3"]
offset_left = 211.0
offset_right = 241.0
offset_bottom = 23.0
custom_minimum_size = Vector2( 30, 0 )
icon = ExtResource( 4 )
flat = true
align = 2
expand_icon = true
__meta__ = {
"_edit_use_anchors_": false
}

[node name="Button4" type="Button" parent="VBox/body_texture/HSplit/VBoxContainer/HBoxContainer" index="4"]
offset_left = 245.0
offset_right = 284.0
offset_bottom = 23.0
size_flags_horizontal = 9
text = "Всё"
flat = true
align = 2
expand_icon = true
__meta__ = {
"_edit_use_anchors_": false
}

[node name="Tree" type="Tree" parent="VBox/body_texture/HSplit/VBoxContainer" index="1"]
offset_right = 284.0
offset_bottom = 443.0
size_flags_horizontal = 3
size_flags_vertical = 3
allow_reselect = true
allow_rmb_select = true

[node name="VBoxContainer2" type="VBoxContainer" parent="VBox/body_texture/HSplit" index="1"]
offset_left = 296.0
offset_right = 579.0
offset_bottom = 443.999
size_flags_horizontal = 3

[node name="HBoxContainer" type="HBoxContainer" parent="VBox/body_texture/HSplit/VBoxContainer2" index="0"]
offset_right = 283.0
offset_bottom = 23.0

[node name="b_aldoni" type="Button" parent="VBox/body_texture/HSplit/VBoxContainer2/HBoxContainer" index="0"]
offset_right = 89.0
offset_bottom = 23.0
text = "добавить"

[node name="b_shangxi" type="Button" parent="VBox/body_texture/HSplit/VBoxContainer2/HBoxContainer" index="1"]
offset_left = 93.0
offset_right = 182.0
offset_bottom = 23.0
text = "изменить"

[node name="b_forigi" type="Button" parent="VBox/body_texture/HSplit/VBoxContainer2/HBoxContainer" index="2"]
offset_left = 186.0
offset_right = 264.0
offset_bottom = 23.0
text = "удалить"

[node name="Table" type="Tree" parent="VBox/body_texture/HSplit/VBoxContainer2" index="1"]
offset_top = 27.0
offset_right = 283.0
offset_bottom = 443.0
size_flags_horizontal = 3
size_flags_vertical = 3
allow_reselect = true
select_mode = 1

[node name="HBox_bottom" parent="VBox" index="2"]
offset_top = 478.0
offset_right = 600.0
offset_bottom = 500.0

[node name="bottom_texture1" parent="VBox/HBox_bottom" index="0"]
offset_right = 578.0

[node name="bottom_texture2" parent="VBox/HBox_bottom" index="1"]
offset_left = 578.0
offset_right = 600.0

[connection signal="cell_selected" from="VBox/body_texture/HSplit/VBoxContainer/Tree" to="." method="_on_Tree_cell_selected"]
[connection signal="focus_entered" from="VBox/body_texture/HSplit/VBoxContainer/Tree" to="." method="_on_fenestro_supren"]
[connection signal="pressed" from="VBox/body_texture/HSplit/VBoxContainer2/HBoxContainer/b_aldoni" to="." method="_on_b_aldoni_pressed"]
[connection signal="pressed" from="VBox/body_texture/HSplit/VBoxContainer2/HBoxContainer/b_shangxi" to="." method="_on_b_shangxi_pressed"]
[connection signal="pressed" from="VBox/body_texture/HSplit/VBoxContainer2/HBoxContainer/b_forigi" to="." method="_on_b_forigi_pressed"]
[connection signal="focus_entered" from="VBox/body_texture/HSplit/VBoxContainer2/Table" to="." method="_on_fenestro_supren"]
